
@article{GonzalezAbriletal2021,
AUTHOR = {Gonzalez-Abril, Luis and Angulo, Cecilio and Ortega, Juan-Antonio and Lopez-Guerra, José-Luis},
TITLE = {Generative Adversarial Networks for Anonymized Healthcare of Lung Cancer Patients},
JOURNAL = {Electronics},
VOLUME = {10},
YEAR = {2021},
NUMBER = {18},
ARTICLE-NUMBER = {2220},
URL = {https://www.mdpi.com/2079-9292/10/18/2220},
ISSN = {2079-9292},
DOI = {10.3390/electronics10182220}
}

@InProceedings{Choietal2017,
  title = 	 {Generating Multi-label Discrete Patient Records using Generative Adversarial Networks},
  author = 	 {Choi, Edward and Biswal, Siddharth and Malin, Bradley and Duke, Jon and Stewart, Walter F. and Sun, Jimeng},
  booktitle = 	 {Proceedings of the 2nd Machine Learning for Healthcare Conference},
  pages = 	 {286--305},
  year = 	 {2017},
  editor = 	 {Doshi-Velez, Finale and Fackler, Jim and Kale, David and Ranganath, Rajesh and Wallace, Byron and Wiens, Jenna},
  volume = 	 {68},
  series = 	 {Proceedings of Machine Learning Research},
  month = 	 {18--19 Aug},
  publisher =    {PMLR},
  pdf = 	 {http://proceedings.mlr.press/v68/choi17a/choi17a.pdf},
  url = 	 {https://proceedings.mlr.press/v68/choi17a.html}
}

@misc{Caminoetal2018,
      title={Generating Multi-Categorical Samples with Generative Adversarial Networks}, 
      author={Ramiro Camino and Christian Hammerschmidt and Radu State},
      year={2018},
      eprint={1807.01202},
      archivePrefix={arXiv},
      primaryClass={stat.ML}
}


@InProceedings{Chenetal2020,
  title = 	 {Generative Pretraining From Pixels},
  author =       {Chen, Mark and Radford, Alec and Child, Rewon and Wu, Jeffrey and Jun, Heewoo and Luan, David and Sutskever, Ilya},
  booktitle = 	 {Proceedings of the 37th International Conference on Machine Learning},
  pages = 	 {1691--1703},
  year = 	 {2020},
  editor = 	 {III, Hal Daumé and Singh, Aarti},
  volume = 	 {119},
  series = 	 {Proceedings of Machine Learning Research},
  month = 	 {13--18 Jul},
  publisher =    {PMLR},
  pdf = 	 {http://proceedings.mlr.press/v119/chen20s/chen20s.pdf},
  url = 	 {https://proceedings.mlr.press/v119/chen20s.html}
}

@ARTICLE{Daretal2019,
  author={Dar, Salman UH. and Yurt, Mahmut and Karacan, Levent and Erdem, Aykut and Erdem, Erkut and Çukur, Tolga},
  journal={IEEE Transactions on Medical Imaging}, 
  title={Image Synthesis in Multi-Contrast MRI With Conditional Generative Adversarial Networks}, 
  year={2019},
  volume={38},
  number={10},
  pages={2375-2388},
  doi={10.1109/TMI.2019.2901750}
}

@book{Emametal2020,
  title={Practical Synthetic Data Generation: Balancing Privacy and the Broad Availability of Data},
  author={Emam, K.E. and Mosquera, L. and Hoptroff, R.},
  isbn={9781492072713},
  url={https://books.google.es/books?id=XWnnDwAAQBAJ},
  year={2020},
  publisher={O'Reilly Media}
}

@misc{BraAbb2023,
author = {Tim Bradshaw and Leila Abboud},
title = {Financial {T}imes. {F}our-week-old {AI} start-up raises record €105mn in European push},
year = {2023},
howpublished = {\url{https://www.ft.com/content/cf939ea4-d96c-4908-896a-48a74381f251}},
note = {Access Jun-20-2023}
}

@misc{Toews2023,
author = {Rob Toews},
title = {Forbes. {S}ynthetic Data Is About To Transform Artificial Intelligence},
year = {2023},
howpublished = {\url{https://www.forbes.com/sites/robtoews/2022/06/12/synthetic-data-is-about-to-transform-artificial-intelligence/?sh=7d65c55d7523}},
note = {Access Jun-20-2023}
}
